@inproceedings{NEURIPS2020_1457c0d6,
author={Brown, Tom and Mann, Benjamin and Ryder, Nick and Subbiah, Melanie and Kaplan, Jared D and Dhariwal, Prafulla and Neelakantan, Arvind and Shyam, Pranav and Sastry, Girish and Askell, Amanda and Agarwal, Sandhini and Herbert-Voss, Ariel and Krueger, Gretchen and Henighan, Tom and Child, Rewon and Ramesh, Aditya and Ziegler, Daniel and Wu, Jeffrey and Winter, Clemens and Hesse, Chris and Chen, Mark and Sigler, Eric and Litwin, Mateusz and Gray, Scott and Chess, Benjamin and Clark, Jack and Berner, Christopher and McCandlish, Sam and Radford, Alec and Sutskever, Ilya and Amodei, Dario},
booktitle={Advances in Neural Information Processing Systems (NeurIPS)},
pages={1877--1901},
title={{Language Models are Few-Shot Learners}},
url={https://proceedings.neurips.cc/paper_files/paper/2020/file/1457c0d6bfcb4967418bfb8ac142f64a-Paper.pdf},
volume={33},
year={2020}
}

@inproceedings{bubeck2023sparks,
title={Sparks of Artificial General Intelligence: Early experiments with GPT-4}, 
author={Sébastien Bubeck and Varun Chandrasekaran and Ronen Eldan and Johannes Gehrke and Eric Horvitz and Ece Kamar and Peter Lee and Yin Tat Lee and Yuanzhi Li and Scott Lundberg and Harsha Nori and Hamid Palangi and Marco Tulio Ribeiro and Yi Zhang},
year={2023},
eprint={2303.12712},
booktitle={arXiv preprint arXiv:2303.12712}
}

@inproceedings{wei2022chain,
title={{Chain-of-Thought Prompting Elicits Reasoning in Large Language Models}},
author={Wei, Jason and Wang, Xuezhi and Schuurmans, Dale and Bosma, Maarten and Xia, Fei and Chi, Ed and Le, Quoc V and Zhou, Denny and others},
booktitle={Advances in Neural Information Processing Systems (NeurIPS)},
volume={35},
pages={24824--24837},
year={2022},
eprint={2201.11903}
}

@inproceedings{wang2023voyager,
title={{Voyager: An Open-ended Embodied Agent with Large Language Models}},
author={Wang, Guanzhi and Xie, Yuqi and Jiang, Yunfan and Mandlekar, Ajay and Xiao, Chaowei and Zhu, Yuke and Fan, Linxi and Anandkumar, Anima},
eprint={2305.16291},
booktitle={arXiv preprint arXiv:2305.16291},
year={2023}
}

@inproceedings{li2023camel,
title={{CAMEL: Communicative Agents for "Mind" Exploration of Large Scale Language Model Society}},
author={Li, Guohao and Hammoud, Hasan Abed Al Kader and Itani, Hani and Khizbullin, Dmitrii and Ghanem, Bernard},
booktitle={Thirty-seventh Conference on Neural Information Processing Systems (NeurIPS)},
year={2023},
eprint={2303.17760},
}

@inproceedings{hong2023metagpt,
title={{MetaGPT: Meta Programming for A Multi-Agent Collaborative Framework}}, 
author={Sirui Hong and Mingchen Zhuge and Jonathan Chen and Xiawu Zheng and Yuheng Cheng and Ceyao Zhang and Jinlin Wang and Zili Wang and Steven Ka Shing Yau and Zijuan Lin and Liyang Zhou and Chenyu Ran and Lingfeng Xiao and Chenglin Wu and Jürgen Schmidhuber},
year={2023},
eprint={2308.00352},
booktitle={International Conference on Learning Representations (ICLR)}
}

@inproceedings{park2023generative,
author = {Park, Joon Sung and O'Brien, Joseph and Cai, Carrie Jun and Morris, Meredith Ringel and Liang, Percy and Bernstein, Michael S.},
title = {{Generative Agents: Interactive Simulacra of Human Behavior}},
year = {2023},
isbn = {9798400701320},
url = {https://doi.org/10.1145/3586183.3606763},
doi = {10.1145/3586183.3606763},
booktitle = {Proceedings of the 36th Annual ACM Symposium on User Interface Software and Technology (UIST)}
}

@inproceedings{Li2023MetaAgentsSI,
title={{MetaAgents: Simulating Interactions of Human Behaviors for LLM-based Task-oriented Coordination via Collaborative Generative Agents}},
author={Yuan Li and Yixuan Zhang and Lichao Sun},
year={2023},
eprint={2310.06500},
booktitle={arXiv preprint arXiv:2310.06500},
}

@inproceedings{hua2023war,
title={{War and Peace (WarAgent): Large Language Model-based Multi-Agent Simulation of World Wars}}, 
author={Wenyue Hua and Lizhou Fan and Lingyao Li and Kai Mei and Jianchao Ji and Yingqiang Ge and Libby Hemphill and Yongfeng Zhang},
year={2023},
eprint={2311.17227},
booktitle={arXiv preprint arXiv:2311.17227}
}

@inproceedings{AutoGPT,
title={{AutoGPT}},
author={Toran Bruce Richards},
booktitle={https://github.com/Significant-Gravitas/AutoGPT},
year={2023},
url={https://github.com/Significant-Gravitas/AutoGPT},
}

@inproceedings{GPTEngineer,
title={{GPT-Engineer}},
author={Anton Osika},
booktitle={https://github.com/AntonOsika/gpt-engineer},
year={2023},
url="https://github.com/AntonOsika/gpt-engineer"
}

@inproceedings{weng2023prompt,
title={{LLM-powered Autonomous Agents}},
author={Weng, Lilian},
booktitle="lilianweng.github.io",
year="2023",
url="https://lilianweng.github.io/posts/2023-06-23-agent/"
}

@inproceedings{wu2023autogen,
title={{AutoGen: Enabling Next-Gen LLM Applications via Multi-Agent Conversation Framework}},
author={Qingyun Wu and Gagan Bansal and Jieyu Zhang and Yiran Wu and Beibin Li and Erkang Zhu and Li Jiang and Xiaoyun Zhang and Shaokun Zhang and Jiale Liu and Ahmed Hassan Awadallah and Ryen W White and Doug Burger and Chi Wang},
year={2023},
eprint={2308.08155},
booktitle={arXiv preprint arXiv:2308.08155}
}

@inproceedings{liang2023encouraging,
title={Encouraging Divergent Thinking in Large Language Models through Multi-Agent Debate},
author={Liang, Tian and He, Zhiwei and Jiao, Wenxiang and Wang, Xing and Wang, Yan and Wang, Rui and Yang, Yujiu and Tu, Zhaopeng and Shi, Shuming},
eprint={2305.19118},
booktitle={arXiv preprint arXiv:2305.19118},
year={2023}
}

@inproceedings{mezghani:hal-04107094,
TITLE={{Think Before You Act: Unified Policy for Interleaving Language Reasoning with Actions}},
AUTHOR={Mezghani, Lina and Bojanowski, Piotr and Alahari, Karteek and Sukhbaatar, Sainbayar},
URL={https://inria.hal.science/hal-04107094},
BOOKTITLE={{RRL 2023 - Workshop on Reincarnating Reinforcement Learning}},
PAGES={1-9},
YEAR={2023},
MONTH=May,
PDF={https://inria.hal.science/hal-04107094/file/mezghani.pdf},
HAL_ID={hal-04107094},
HAL_VERSION={v1},
}

@inproceedings{zhou2023agents,
title={{Agents: An Open-source Framework for Autonomous Language Agents}}, 
author={Wangchunshu Zhou and Yuchen Eleanor Jiang and Long Li and Jialong Wu and Tiannan Wang and Shi Qiu and Jintian Zhang and Jing Chen and Ruipu Wu and Shuai Wang and Shiding Zhu and Jiyu Chen and Wentao Zhang and Ningyu Zhang and Huajun Chen and Peng Cui and Mrinmaya Sachan},
year={2023},
eprint={2309.07870},
booktitle={arXiv preprint arXiv:2309.07870}
}

@inproceedings{chen2023agentverse,
title={{AgentVerse: Facilitating Multi-agent Collaboration and Exploring Emergent Behaviors in Agents}},
author={Chen, Weize and Su, Yusheng and Zuo, Jingwei and Yang, Cheng and Yuan, Chenfei and Qian, Chen and Chan, Chi-Min and Qin, Yujia and Lu, Yaxi and Xie, Ruobing and others},
eprint={2308.10848},
booktitle={International Conference on Learning Representations (ICLR)},
year={2023}
}

@inproceedings{chan2023chateval,
title={{ChatEval: Towards Better LLM-based Evaluators through Multi-Agent Debate}},
author={Chan, Chi-Min and Chen, Weize and Su, Yusheng and Yu, Jianxuan and Xue, Wei and Zhang, Shanghang and Fu, Jie and Liu, Zhiyuan},
eprint={2308.07201},
booktitle={arXiv preprint arXiv:2308.07201},
year={2023}
}

@inproceedings{chen2023gamegpt,
title={{GameGPT: Multi-agent Collaborative Framework for Game Development}},
author={Chen, Dake and Wang, Hanbin and Huo, Yunhao and Li, Yuzhao and Zhang, Haoyang},
year={2023},
eprint={2310.08067},
booktitle={arXiv preprint arXiv:2310.08067}
}

@inproceedings{Cohen2023LMVL,
title={{LM vs LM: Detecting Factual Errors via Cross Examination}},
author={Roi Cohen and May Hamri and Mor Geva and Amir Globerson},
booktitle={ArXiv},
year={2023},
volume={abs/2305.13281},
url={https://api.semanticscholar.org/CorpusID:258833288}
}

@inproceedings{zhou2023webarena,
title={{WebArena: A Realistic Web Environment for Building Autonomous Agents}},
author={Zhou, Shuyan and Xu, Frank F and Zhu, Hao and Zhou, Xuhui and Lo, Robert and Sridhar, Abishek and Cheng, Xianyi and Bisk, Yonatan and Fried, Daniel and Alon, Uri and others},
year={2023},
eprint={2307.13854},
booktitle={arXiv preprint arXiv:2307.13854}
}

@inproceedings{wang2023humanoid,
title={{Humanoid Agents: Platform for Simulating Human-like Generative Agents}},
author={Wang, Zhilin and Chiu, Yu Ying and Chiu, Yu Cheung},
year={2023},
eprint={2310.05418},
booktitle={arXiv preprint arXiv:2310.05418}
}

@inproceedings{zhu2023ghost,
title={{Ghost in the Minecraft: Generally Capable Agents for Open-World Environments via Large Language Models with Text-based Knowledge and Memory}},
author={Zhu, Xizhou and Chen, Yuntao and Tian, Hao and Tao, Chenxin and Su, Weijie and Yang, Chenyu and Huang, Gao and Li, Bin and Lu, Lewei and Wang, Xiaogang and Qiao, Yu and Zhang, Zhaoxiang and Dai, Jifeng},
year={2023},
eprint={2305.17144},
booktitle={arXiv preprint arXiv:2305.17144}
}

@inproceedings{vaswani2017attention,
title={{Attention is All You Need}},
author={Vaswani, Ashish and Shazeer, Noam and Parmar, Niki and Uszkoreit, Jakob and Jones, Llion and Gomez, Aidan N and Kaiser, {\L}ukasz and Polosukhin, Illia},
booktitle={Advances in Neural Information Processing Systems (NeurIPS)},
volume={30},
year={2017},
url={https://papers.nips.cc/paper_files/paper/2017/hash/3f5ee243547dee91fbd053c1c4a845aa-Abstract.html}
}

@inproceedings{touvron2023llama,
title={{LLaMA: Open and Efficient Foundation Language Models}},
author={Touvron, Hugo and Lavril, Thibaut and Izacard, Gautier and Martinet, Xavier and Lachaux, Marie-Anne and Lacroix, Timoth{\'e}e and Rozi{\`e}re, Baptiste and Goyal, Naman and Hambro, Eric and Azhar, Faisal and others},
year={2023},
eprint={2302.13971},
booktitle={arXiv preprint arXiv:2302.13971}
}

@inproceedings{qin2023toolllm,
title={{ToolLLM: Facilitating Large Language Models to Master 16000+ Real-World APIs}},
author={Qin, Yujia and Liang, Shihao and Ye, Yining and Zhu, Kunlun and Yan, Lan and Lu, Yaxi and Lin, Yankai and Cong, Xin and Tang, Xiangru and Qian, Bill and others},
year={2023},
eprint={2307.16789},
booktitle={arXiv preprint arXiv:2307.16789}
}

@inproceedings{wei2022emergent,
title={{Emergent Abilities of Large Language Models}},
author={Wei, Jason and Tay, Yi and Bommasani, Rishi and Raffel, Colin and Zoph, Barret and Borgeaud, Sebastian and Yogatama, Dani and Bosma, Maarten and Zhou, Denny and Metzler, Donald and others},
year={2022},
eprint={2206.07682},
booktitle={arXiv preprint arXiv:2206.07682}
}

@inproceedings{chen2021evaluating,
title={{Evaluating Large Language Models Trained on Code}},
author={Chen, Mark and Tworek, Jerry and Jun, Heewoo and Yuan, Qiming and Pinto, Henrique Ponde de Oliveira and Kaplan, Jared and Edwards, Harri and Burda, Yuri and Joseph, Nicholas and Brockman, Greg and others},
year={2021},
eprint={2107.03374},
booktitle={arXiv preprint arXiv:2107.03374}
}

@inproceedings{brants2007large,
title={{Large Language Models in Machine Translation}},
author={Brants, Thorsten and Popat, Ashok C and Xu, Peng and Och, Franz J and Dean, Jeffrey},
year={2007},
booktitle = "Proceedings of the 2007 Joint Conference on Empirical Methods in Natural Language Processing and Computational Natural Language Learning ({EMNLP}-{C}o{NLL})",
url={https://aclanthology.org/D07-1090/},
pages = "858--867"
}

@inproceedings{wang-etal-2023-self-instruct,
title="Self-Instruct: Aligning Language Models with Self-Generated Instructions",
author="Wang, Yizhong  and
Kordi, Yeganeh  and
Mishra, Swaroop  and
Liu, Alisa  and
Smith, Noah A.  and
Khashabi, Daniel  and
Hajishirzi, Hannaneh",
booktitle="Proceedings of the Annual Meeting of the Association for Computational Linguistics (ACL)",
month=jul,
year="2023",
url="https://aclanthology.org/2023.acl-long.754",
doi="10.18653/v1/2023.acl-long.754",
pages="13484--13508"
}

@inproceedings{ouyang2022training,
title={{Training Language Models to Follow Instructions with Human Feedback}}, 
author={Long Ouyang and Jeff Wu and Xu Jiang and Diogo Almeida and Carroll L. Wainwright and Pamela Mishkin and Chong Zhang and Sandhini Agarwal and Katarina Slama and Alex Ray and John Schulman and Jacob Hilton and Fraser Kelton and Luke Miller and Maddie Simens and Amanda Askell and Peter Welinder and Paul Christiano and Jan Leike and Ryan Lowe},
year={2022},
eprint={2203.02155},
booktitle={arXiv preprint arXiv:2203.02155}
}

@inproceedings{wang2023avalons,
title={{Avalon's Game of Thoughts: Battle Against Deception through Recursive Contemplation}}, 
author={Shenzhi Wang and Chang Liu and Zilong Zheng and Siyuan Qi and Shuo Chen and Qisen Yang and Andrew Zhao and Chaofei Wang and Shiji Song and Gao Huang},
year={2023},
eprint={2309.07870},
booktitle={arXiv preprint arXiv:2310.01320}
}

@inproceedings{huang2023benchmarking,
title={{Benchmarking Large Language Models As AI Research Agents}}, 
author={Qian Huang and Jian Vora and Percy Liang and Jure Leskovec},
year={2023},
eprint={2310.03302},
booktitle={arXiv preprint arXiv:2310.03302}
}

@inproceedings{liu2023bolaa,
title={{BOLAA: Benchmarking and Orchestrating LLM-augmented Autonomous Agents}}, 
author={Zhiwei Liu and Weiran Yao and Jianguo Zhang and Le Xue and Shelby Heinecke and Rithesh Murthy and Yihao Feng and Zeyuan Chen and Juan Carlos Niebles and Devansh Arpit and Ran Xu and Phil Mui and Huan Wang and Caiming Xiong and Silvio Savarese},
year={2023},
eprint={2308.05960},
booktitle={arXiv preprint arXiv:2308.05960}
}

@inproceedings{sumers2023cognitive,
title={{Cognitive Architectures for Language Agents}}, 
author={Theodore R. Sumers and Shunyu Yao and Karthik Narasimhan and Thomas L. Griffiths},
year={2023},
eprint={2309.02427},
booktitle={arXiv preprint arXiv:2309.02427}
}

@inproceedings{schick2023toolformer,
title={{ToolFormer: Language Models Can Teach Themselves to Use Tools}}, 
author={Timo Schick and Jane Dwivedi-Yu and Roberto Dessì and Roberta Raileanu and Maria Lomeli and Luke Zettlemoyer and Nicola Cancedda and Thomas Scialom},
year={2023},
eprint={2302.04761},
booktitle={arXiv preprint arXiv:2302.04761}
}

@inproceedings{LLM-Research-Feedback-2023,
title={{Can large language models provide useful feedback on research papers? A large-scale empirical analysis}},
author={Liang, Weixin and Zhang, Yuhui and Cao, Hancheng and Wang, Binglu and Ding, Daisy and Yang, Xinyu and Vodrahalli, Kailas and He, Siyu and Smith, Daniel and Yin, Yian and McFarland, Daniel and Zou, James},
year={2023},
eprint={2310.01783},
booktitle={arXiv preprint arXiv:2310.01783}
}

@inproceedings{ding2023designgpt,
title={{DesignGPT: Multi-Agent Collaboration in Design}}, 
author={Shiying Ding and Xinyi Chen and Yan Fang and Wenrui Liu and Yiwu Qiu and Chunlei Chai},
year={2023},
eprint={2311.11591},
booktitle={arXiv preprint arXiv:2311.11591}
}

@inproceedings{cai2023large,
title={{Large Language Models as Tool Makers}}, 
author={Tianle Cai and Xuezhi Wang and Tengyu Ma and Xinyun Chen and Denny Zhou},
year={2023},
eprint={2305.17126},
booktitle={arXiv preprint arXiv:2305.17126}
}

@inproceedings{yang2023large,
title={{Large Language Models as Optimizers}}, 
author={Chengrun Yang and Xuezhi Wang and Yifeng Lu and Hanxiao Liu and Quoc V. Le and Denny Zhou and Xinyun Chen},
year={2023},
eprint={2309.03409},
booktitle={arXiv preprint arXiv:2309.03409}
}

@inproceedings{qin2023large,
title={{Large Language Models are Effective Text Rankers with Pairwise Ranking Prompting}}, 
author={Zhen Qin and Rolf Jagerman and Kai Hui and Honglei Zhuang and Junru Wu and Jiaming Shen and Tianqi Liu and Jialu Liu and Donald Metzler and Xuanhui Wang and Michael Bendersky},
year={2023},
eprint={2306.17563},
booktitle={arXiv preprint arXiv:2306.17563}
}

@inproceedings{ma2023laser,
title={{LASER: LLM Agent with State-Space Exploration for Web Navigation}}, 
author={Kaixin Ma and Hongming Zhang and Hongwei Wang and Xiaoman Pan and Dong Yu},
year={2023},
eprint={2309.08172},
booktitle={arXiv preprint arXiv:2309.08172}
}

@inproceedings{gong2023mindagent,
title={{MindAgent: Emergent Gaming Interaction}},
author={Ran Gong and Qiuyuan Huang and Xiaojian Ma and Hoi Vo and Zane Durante and Yusuke Noda and Zilong Zheng and Song-Chun Zhu and Demetri Terzopoulos and Li Fei-Fei and Jianfeng Gao},
year={2023},
eprint={2309.09971},
booktitle={arXiv preprint arXiv:2309.09971}
}

@inproceedings{zhang2023generative,
title={{On Generative Agents in Recommendation}}, 
author={An Zhang and Leheng Sheng and Yuxin Chen and Hao Li and Yang Deng and Xiang Wang and Tat-Seng Chua},
year={2023},
eprint={2310.10108},
booktitle={arXiv preprint arXiv:2310.10108}
}

@inproceedings{wang2023large,
title={{When Large Language Model based Agent Meets User Behavior Analysis: A Novel User Simulation Paradigm}}, 
author={Lei Wang and Jingsen Zhang and Hao Yang and Zhiyuan Chen and Jiakai Tang and Zeyu Zhang and Xu Chen and Yankai Lin and Ruihua Song and Wayne Xin Zhao and Jun Xu and Zhicheng Dou and Jun Wang and Ji-Rong Wen},
year={2023},
eprint={2306.02552},
booktitle={arXiv preprint arXiv:2306.02552}
}

@inproceedings{wang2023promptagent,
title={{PromptAgent: Strategic Planning with Language Models Enables Expert-level Prompt Optimization}}, 
author={Xinyuan Wang and Chenxi Li and Zhen Wang and Fan Bai and Haotian Luo and Jiayou Zhang and Nebojsa Jojic and Eric P. Xing and Zhiting Hu},
year={2023},
eprint={2310.16427},
booktitle={arXiv preprint arXiv:2310.16427}
}

@inproceedings{ruan2023tptu,
title={{TPTU: Large Language Model-based AI Agents for Task Planning and Tool Usage}}, 
author={Jingqing Ruan and Yihong Chen and Bin Zhang and Zhiwei Xu and Tianpeng Bao and Guoqing Du and Shiwei Shi and Hangyu Mao and Ziyue Li and Xingyu Zeng and Rui Zhao},
year={2023},
eprint={2308.03427},
booktitle={arXiv preprint arXiv:2308.03427}
}

@inproceedings{GPT4Tools,
title={{GPT4Tools: Teaching Large Language Model to Use Tools via Self-instruction}},
author={Yang, Rui and Song, Lin and Li, Yanwei and Zhao, Sijie and Ge, Yixiao and Li, Xiu and Shan, Ying},
booktitle={Advances in Neural Information Processing Systems (NeurIPS)},
year={2023},
eprint={2305.18752}
}

@inproceedings{Shanahan2023,
author={Shanahan, Murray and McDonell, Kyle and Reynolds, Laria},
doi={10.1038/s41586-023-06647-8},
issn={1476-4687},
booktitle={Nature},
number={7987},
pages={493--498},
title={{Role Play with Large Language Models}},
url={https://doi.org/10.1038/s41586-023-06647-8},
volume={623},
year={2023}
}

@inproceedings{min2022rethinking,
title={{Rethinking the Role of Demonstrations: What Makes In-Context Learning Work?}}, 
author={Sewon Min and Xinxi Lyu and Ari Holtzman and Mikel Artetxe and Mike Lewis and Hannaneh Hajishirzi and Luke Zettlemoyer},
year={2022},
eprint={2202.12837},
booktitle={arXiv preprint arXiv:2202.12837}
}

@inproceedings{lu2023dynamic,
title={Dynamic Prompt Learning via Policy Gradient for Semi-structured Mathematical Reasoning},
author={Lu, Pan and Qiu, Liang and Chang, Kai-Wei and Wu, Ying Nian and Zhu, Song-Chun and Rajpurohit, Tanmay and Clark, Peter and Kalyan, Ashwin},
booktitle={International Conference on Learning Representations (ICLR)},
year={2023}
}

@inproceedings{mills1976software,
title={Software development},
author={Mills, Harlan D},
booktitle={IEEE Transactions on Software Engineering},
number={4},
pages={265--273},
year={1976}
}

@inproceedings{abrahamsson2017agile,
title={Agile software development methods: Review and analysis},
author={Abrahamsson, Pekka and Salo, Outi and Ronkainen, Jussi and Warsta, Juhani},
eprint={1709.08439},
booktitle={arXiv preprint arXiv:1709.08439},
year={2017}
}

@inproceedings{barki1993toward,
title={Toward an assessment of software development risk},
author={Barki, Henri and Rivard, Suzanne and Talbot, Jean},
booktitle={booktitle of management information systems},
volume={10},
number={2},
pages={203--225},
year={1993}
}

@inproceedings{compton2002reconfigurable,
title={Reconfigurable computing: a survey of systems and software},
author={Compton, Katherine and Hauck, Scott},
booktitle={ACM Computing Surveys (csuR)},
volume={34},
number={2},
pages={171--210},
year={2002}
}

@inproceedings{mirchandani2023large,
title={Large language models as general pattern machines},
author={Mirchandani, Suvir and Xia, Fei and Florence, Pete and Ichter, Brian and Driess, Danny and Arenas, Montserrat Gonzalez and Rao, Kanishka and Sadigh, Dorsa and Zeng, Andy},
eprint={2307.04721},
booktitle={arXiv preprint arXiv:2307.04721},
year={2023}
}

@inproceedings{dong2023selfcollaboration,
title={Self-collaboration Code Generation via ChatGPT}, 
author={Yihong Dong and Xue Jiang and Zhi Jin and Ge Li},
year={2023},
eprint={2304.07590},
booktitle={arXiv preprint arXiv:2304.07590}
}

@inproceedings{petersen2009waterfall,
title={The waterfall model in large-scale development},
author={Petersen, Kai and Wohlin, Claes and Baca, Dejan},
booktitle={International Conference on Product-Focused Software Process Improvement},
pages={386--400},
year={2009},
organization={Springer}
}

@inproceedings{bassil2012simulation,
title={A simulation model for the waterfall software development life cycle},
author={Bassil, Youssef},
eprint={1205.6904},
booktitle={arXiv preprint arXiv:1205.6904},
year={2012}
}

@inproceedings{kaelbling1996reinforcement,
title={Reinforcement learning: A survey},
author={Kaelbling, Leslie Pack and Littman, Michael L and Moore, Andrew W},
booktitle={booktitle of artificial intelligence research},
volume={4},
pages={237--285},
year={1996}
}

@inproceedings{zhao2023expel,
title={{ExpeL: LLM Agents Are Experiential Learners}}, 
author={Andrew Zhao and Daniel Huang and Quentin Xu and Matthieu Lin and Yong-Jin Liu and Gao Huang},
year={2023},
eprint={2308.10144},
booktitle={AAAI Conference on Artificial Intelligence (AAAI)}
}

@inproceedings{sasaki2009finding,
title={Finding preimages in full MD5 faster than exhaustive search},
author={Sasaki, Yu and Aoki, Kazumaro},
booktitle={Annual International Conference on the Theory and Applications of Cryptographic Techniques},
pages={134--152},
year={2009},
organization={Springer}
}

@book{west2001introduction,
title={Introduction to graph theory},
author={West, Douglas Brent and others},
volume={2},
year={2001}
}

@inproceedings{decandia2007dynamo,
title={Dynamo: Amazon's highly available key-value store},
author={DeCandia, Giuseppe and Hastorun, Deniz and Jampani, Madan and Kakulapati, Gunavardhan and Lakshman, Avinash and Pilchin, Alex and Sivasubramanian, Swaminathan and Vosshall, Peter and Vogels, Werner},
booktitle={ACM SIGOPS operating systems review},
volume={41},
number={6},
pages={205--220},
year={2007}
}

@inproceedings{rubin2021learning,
title={Learning to retrieve prompts for in-context learning},
author={Rubin, Ohad and Herzig, Jonathan and Berant, Jonathan},
year={2021},
eprint={2112.08633},
booktitle={arXiv preprint arXiv:2112.08633}
}

@inproceedings{radford2019language,
title={{Language Models are Unsupervised Multitask Learners}},
author={Radford, Alec and Wu, Jeffrey and Child, Rewon and Luan, David and Amodei, Dario and Sutskever, Ilya and others},
booktitle={OpenAI Blog},
volume={1},
number={8},
pages={9},
url={https://insightcivic.s3.us-east-1.amazonaws.com/language-models.pdf}
}

@inproceedings{kaplan2020scaling,
title={{Scaling Laws for Neural Language Models}}, 
author={Jared Kaplan and Sam McCandlish and Tom Henighan and Tom B. Brown and Benjamin Chess and Rewon Child and Scott Gray and Alec Radford and Jeffrey Wu and Dario Amodei},
year={2020},
eprint={2001.08361},
booktitle={arXiv preprint arXiv:2001.08361}
}

@inproceedings{lewis2021retrievalaugmented,
title={Retrieval-Augmented Generation for Knowledge-Intensive NLP Tasks}, 
author={Patrick Lewis and Ethan Perez and Aleksandra Piktus and Fabio Petroni and Vladimir Karpukhin and Naman Goyal and Heinrich Küttler and Mike Lewis and Wen-tau Yih and Tim Rocktäschel and Sebastian Riedel and Douwe Kiela},
year={2021},
eprint={2005.11401},
booktitle={arXiv preprint arXiv:2005.11401}
}

@inproceedings{zheng2023judging,
title={Judging LLM-as-a-Judge with MT-Bench and Chatbot Arena}, 
author={Lianmin Zheng and Wei-Lin Chiang and Ying Sheng and Siyuan Zhuang and Zhanghao Wu and Yonghao Zhuang and Zi Lin and Zhuohan Li and Dacheng Li and Eric. P Xing and Hao Zhang and Joseph E. Gonzalez and Ion Stoica},
year={2023},
eprint={2306.05685},
booktitle={arXiv preprint arXiv:2306.05685}
}

@inproceedings{wang2023largelanguage,
title={{Large Language Models are not Fair Evaluators}}, 
author={Peiyi Wang and Lei Li and Liang Chen and Zefan Cai and Dawei Zhu and Binghuai Lin and Yunbo Cao and Qi Liu and Tianyu Liu and Zhifang Sui},
year={2023},
eprint={2305.17926},
booktitle={arXiv preprint arXiv:2305.17926}
}

@inproceedings{mezza-etal-2018-iso,
title="{{ISO-Standard Domain-Independent Dialogue Act Tagging for Conversational Agents}}",
author="Mezza, Stefano  and
Cervone, Alessandra  and
Stepanov, Evgeny  and
Tortoreto, Giuliano  and
Riccardi, Giuseppe",
booktitle="Proceedings of the 27th International Conference on Computational Linguistics",
month=aug,
year="2018",
url="https://aclanthology.org/C18-1300",
pages="3539--3551"
}

@inproceedings{DBLP:conf/icse/FreemanBSSDT01,
author={Peter Freeman and
Donald J. Bagert and
Hossein Saiedian and
Mary Shaw and
Robert Dupuis and
J. Barrie Thompson},
title={{Software Engineering Body of Knowledge (SWEBOK)}},
booktitle={Proceedings of the International Conference on Software Engineering (ICSE)},
pages={693--696},
year={2001},
url={https://www.computer.org/education/bodies-of-knowledge/software-engineering}
}

@inproceedings{DBLP:conf/re/PudlitzBV19,
author={Florian Pudlitz and
Florian Brokhausen and
Andreas Vogelsang},
title={{Extraction of System States from Natural Language Requirements}},
booktitle={IEEE International Requirements Engineering Conference (RE)},
pages={211--222},
year={2019},
url={https://doi.org/10.1109/RE.2019.00031},
doi={10.1109/RE.2019.00031},
}

@inproceedings{DBLP:conf/se/WinklerGV20,
author={Jonas Winkler and
Jannis Gr{\"{o}}nberg and
Andreas Vogelsang},
title={{Predicting How to Test Requirements: An Automated Approach}},
booktitle={Software Engineering},
series={{LNI}},
volume={{P-300}},
pages={141--142},
year={2020},
url={https://doi.org/10.18420/SE2020\_43},
doi={10.18420/SE2020\_43},
}

@inproceedings{DBLP:conf/icse/EzziniA0S22,
author={Saad Ezzini and
Sallam Abualhaija and
Chetan Arora and
Mehrdad Sabetzadeh},
title={{Automated Handling of Anaphoric Ambiguity in Requirements: {A} Multi-solution Study}},
booktitle={International Conference on Software Engineering (ICSE)},
pages={187--199},
year={2022},
url={https://doi.org/10.1145/3510003.3510157},
doi={10.1145/3510003.3510157},
}

@inproceedings{DBLP:journals/jss/MartinA15,
author={Cuauht{\'{e}}moc L{\'{o}}pez Mart{\'{\i}}n and
Alain Abran},
title={Neural networks for predicting the duration of new software projects},
booktitle={J. Syst. Softw.},
volume={101},
pages={127--135},
year={2015},
url={https://doi.org/10.1016/j.jss.2014.12.002},
doi={10.1016/j.jss.2014.12.002},
}

@inproceedings{DBLP:conf/wcre/ThallerLE19,
author={Hannes Thaller and
Lukas Linsbauer and
Alexander Egyed},
title={{Feature Maps: A Comprehensible Software Representation for Design Pattern Detection}},
booktitle={IEEE International Conference on Software Analysis, Evolution and Reengineering (SANER)},
pages={207--217},
year={2019},
url={https://doi.org/10.1109/SANER.2019.8667978},
doi={10.1109/SANER.2019.8667978},
}

@inproceedings{DBLP:conf/icse/ZhaoCL021,
author={Tianming Zhao and
Chunyang Chen and
Yuanning Liu and
Xiaodong Zhu},
title={{GUIGAN: Learning to Generate {GUI} Designs Using Generative Adversarial Networks}},
booktitle={{IEEE/ACM} International Conference on Software Engineering (ICSE)},
pages={748--760},
year={2021},
url={https://doi.org/10.1109/ICSE43902.2021.00074},
doi={10.1109/ICSE43902.2021.00074},
}

@inproceedings{DBLP:conf/wcre/GaoCXMSL19,
author={Sa Gao and
Chunyang Chen and
Zhenchang Xing and
Yukun Ma and
Wen Song and
Shang{-}Wei Lin},
title={{A Neural Model for Method Name Generation from Functional Description}},
booktitle={26th {IEEE} International Conference on Software Analysis, Evolution and Reengineering (SANER)},
pages={411--421},
year={2019},
url={https://doi.org/10.1109/SANER.2019.8667994},
doi={10.1109/SANER.2019.8667994},
}

@article{gallagher2017anchored,
  title={{Anchored Correlation Explanation: Topic Modeling with Minimal Domain Knowledge }},
  author={Gallagher, Ryan J and Reing, Kyle and Kale, David and Ver Steeg, Greg},
  journal={Transactions of the Association for Computational Linguistics},
  volume={5},
  pages={529--542},
  year={2017},
  url={https://direct.mit.edu/tacl/article/doi/10.1162/tacl_a_00078/43415/Anchored-Correlation-Explanation-Topic-Modeling}
}

@inproceedings{DBLP:journals/corr/abs-2107-03374,
author={Mark Chen and
Jerry Tworek and
Heewoo Jun and
Qiming Yuan and
Henrique Pond{\'{e}} de Oliveira Pinto and
Jared Kaplan and
Harrison Edwards and
Yuri Burda and
Nicholas Joseph and
Greg Brockman and
Alex Ray and
Raul Puri and
Gretchen Krueger and
Michael Petrov and
Heidy Khlaaf and
Girish Sastry and
Pamela Mishkin and
Brooke Chan and
Scott Gray and
Nick Ryder and
Mikhail Pavlov and
Alethea Power and
Lukasz Kaiser and
Mohammad Bavarian and
Clemens Winter and
Philippe Tillet and
Felipe Petroski Such and
Dave Cummings and
Matthias Plappert and
Fotios Chantzis and
Elizabeth Barnes and
Ariel Herbert{-}Voss and
William Hebgen Guss and
Alex Nichol and
Alex Paino and
Nikolas Tezak and
Jie Tang and
Igor Babuschkin and
Suchir Balaji and
Shantanu Jain and
William Saunders and
Christopher Hesse and
Andrew N. Carr and
Jan Leike and
Joshua Achiam and
Vedant Misra and
Evan Morikawa and
Alec Radford and
Matthew Knight and
Miles Brundage and
Mira Murati and
Katie Mayer and
Peter Welinder and
Bob McGrew and
Dario Amodei and
Sam McCandlish and
Ilya Sutskever and
Wojciech Zaremba},
title={{Evaluating Large Language Models Trained on Code}},
booktitle={CoRR},
volume={abs/2107.03374},
year={2021},
url={https://arxiv.org/abs/2107.03374},
eprinttype={arXiv},
eprint={2107.03374},
}

@inproceedings{DBLP:conf/iclr/NijkampPHTWZSX23,
author={Erik Nijkamp and
Bo Pang and
Hiroaki Hayashi and
Lifu Tu and
Huan Wang and
Yingbo Zhou and
Silvio Savarese and
Caiming Xiong},
title={{CodeGen: An Open Large Language Model for Code with Multi-Turn Program Synthesis}},
booktitle={The International Conference on Learning Representations (ICLR)},
year={2023},
url={https://openreview.net/pdf?id=iaYcJKpY2B\_},
}

@inproceedings{DBLP:conf/icse/WangLT16,
author={Song Wang and
Taiyue Liu and
Lin Tan},
title={{Automatically Learning Semantic Features for Defect Prediction}},
booktitle={Proceedings of the International Conference on Software Engineering (ICSE)},
pages={297--308},
year={2016},
url={https://doi.org/10.1145/2884781.2884804},
doi={10.1145/2884781.2884804},
}

@inproceedings{DBLP:conf/kbse/WanZYXY0Y18,
author={Yao Wan and
Zhou Zhao and
Min Yang and
Guandong Xu and
Haochao Ying and
Jian Wu and
Philip S. Yu},
title={{Improving Automatic Source Code Summarization via Deep Reinforcement Learning}},
booktitle={Proceedings of the {ACM/IEEE} International Conference on Automated Software Engineering (ASE)},
pages={397--407},
year={2018},
url={https://doi.org/10.1145/3238147.3238206},
doi={10.1145/3238147.3238206},
}

@inproceedings{DBLP:conf/icse/WangSSWWN21,
author={Song Wang and
Nishtha Shrestha and
Abarna Kucheri Subburaman and
Junjie Wang and
Moshi Wei and
Nachiappan Nagappan},
title={{Automatic Unit Test Generation for Machine Learning Libraries: How Far Are We?}},
booktitle={{IEEE/ACM} International Conference on Software Engineering (ICSE)},
pages={1548--1560},
year={2021},
url={https://doi.org/10.1109/ICSE43902.2021.00138},
doi={10.1109/ICSE43902.2021.00138},
}

@inproceedings{DBLP:conf/icse/WanLXLHM022,
author={Chengcheng Wan and
Shicheng Liu and
Sophie Xie and
Yifan Liu and
Henry Hoffmann and
Michael Maire and
Shan Lu},
title={{Automated Testing of Software that Uses Machine Learning APIs}},
booktitle={IEEE/ACM International Conference on Software Engineering (ICSE)},
pages={212--224},
year={2022},
url={https://doi.org/10.1145/3510003.3510068},
doi={10.1145/3510003.3510068},
}

@inproceedings{DBLP:conf/icse/NaharZLK22,
author={Nadia Nahar and
Shurui Zhou and
Grace A. Lewis and
Christian K{\"{a}}stner},
title={{Collaboration Challenges in Building ML-Enabled Systems: Communication, Documentation, Engineering, and Process}},
booktitle={{IEEE/ACM} International Conference on Software Engineering (ICSE)},
pages={413--425},
year={2022},
url={https://doi.org/10.1145/3510003.3510209},
doi={10.1145/3510003.3510209},
}

@inproceedings{basili1989software,
title={{Software Development: A Paradigm for The Future}},
author={Basili, Victor R},
booktitle={Proceedings of the Annual International Computer Software and Applications Conference},
pages={471--485},
year={1989},
organization={IEEE},
url={https://ieeexplore.ieee.org/document/65127}
}

@inproceedings{sawyer1998software,
title={{Software development: Processes and Performance}},
author={Sawyer, Steve and Guinan, Patricia J.},
booktitle={IBM Systems Journal}, 
volume={37},
number={4},
pages={552--569},
year={1998},
url={https://ieeexplore.ieee.org/document/5387128}
}

@inproceedings{banker1998software,
title={{Software Development Practices, Software Complexity, and Software Maintenance Performance: A Field Study}},
author={Banker, Rajiv D and Davis, Gordon B and Slaughter, Sandra A},
booktitle={Management science},
volume={44},
number={4},
pages={433--450},
year={1998},
url={https://pubsonline.informs.org/doi/abs/10.1287/mnsc.44.4.433}
}

@inproceedings{france2007model,
title={{Model-driven Development of Complex Software: A Research Roadmap}},
author={France, Robert and Rumpe, Bernhard},
booktitle={Future of Software Engineering (FOSE)},
pages={37--54},
year={2007},
url={https://ieeexplore.ieee.org/document/4221611}
}

@inproceedings{yilmaz2012systematic,
title={{A Systematic Approach to the Comparison of Roles in the Software Development Processes}},
author={Yilmaz, Murat and O’Connor, Rory V and Clarke, Paul},
booktitle={International Conference on Software Process Improvement and Capability Determination},
pages={198--209},
year={2012},
organization={Springer},
url={http://doras.dcu.ie/17072/1/10.1007%3A978-3-642-30439-2_18.pdf}
}

@inproceedings{acuna2006emphasizing,
title={{Emphasizing Human Capabilities in Software Development}},
author={Acuna, Silvia T and Juristo, Natalia and Moreno, Ana M},
booktitle={IEEE Software},
volume={23},
number={2},
pages={94--101},
year={2006},
url={https://ieeexplore.ieee.org/document/1605185}
}

@InProceedings{ernst:LIPIcs.SNAPL.2017.4,
author={Ernst, Michael D.},
title={{Natural Language is a Programming Language: Applying Natural Language Processing to Software Development}},
booktitle={Advances in Programming Languages (SNAPL)},
pages={4:1--4:14},
ISBN={978-3-95977-032-3},
ISSN={1868-8969},
year={2017},
volume={71},
URL={https://drops.dagstuhl.de/entities/document/10.4230/LIPIcs.SNAPL.2017.4},
URN={urn:nbn:de:0030-drops-71357},
doi={10.4230/LIPIcs.SNAPL.2017.4}
}

@incollection{liu2018natural,
title={From natural language to programming language},
author={Liu, Xiao and Wu, Dinghao},
booktitle={Innovative methods, user-friendly tools, coding, and design approaches in people-oriented programming},
pages={110--130},
year={2018}
}

@inproceedings{dhuliawala2023chain,
title={{Chain-of-Verification Reduces Hallucination in Large Language Models}},
author={Dhuliawala, Shehzaad and Komeili, Mojtaba and Xu, Jing and Raileanu, Roberta and Li, Xian and Celikyilmaz, Asli and Weston, Jason},
year={2023},
eprint={2309.11495},
booktitle={arXiv preprint arXiv:2309.11495}
}

@inproceedings{zhang2023siren,
title={{Siren's Song in the AI Ocean: A Survey on Hallucination in Large Language Models}},
author={Zhang, Yue and Li, Yafu and Cui, Leyang and Cai, Deng and Liu, Lemao and Fu, Tingchen and Huang, Xinting and Zhao, Enbo and Zhang, Yu and Chen, Yulong and others},
eprint={2309.01219},
booktitle={arXiv preprint arXiv:2309.01219},
year={2023}
}

@inproceedings{ji2023survey,
title={{Survey of Hallucination in Natural Language Generation}},
author={Ji, Ziwei and Lee, Nayeon and Frieske, Rita and Yu, Tiezheng and Su, Dan and Xu, Yan and Ishii, Etsuko and Bang, Ye Jin and Madotto, Andrea and Fung, Pascale},
booktitle={ACM Computing Surveys},
volume={55},
number={12},
pages={1--38},
year={2023},
url={https://dl.acm.org/doi/10.1145/3571730}
}

@inproceedings{agnihotri2020systematic,
title={{A Systematic Literature Survey of Software Metrics, Code Smells and Refactoring Techniques}},
author={Agnihotri, Mansi and Chug, Anuradha},
booktitle={booktitle of Information Processing Systems},
volume={16},
number={4},
pages={915--934},
year={2020},
url={http://jips-k.org/digital-library/2020/16/4/915}
}

@inproceedings{yin-etal-2023-exchange,
title={{Exchange-of-Thought: Enhancing Large Language Model Capabilities through Cross-Model Communication}},
author="Yin, Zhangyue  and
Sun, Qiushi  and
Chang, Cheng  and
Guo, Qipeng  and
Dai, Junqi  and
Huang, Xuanjing  and
Qiu, Xipeng",
booktitle="Proceedings of the 2023 Conference on Empirical Methods in Natural Language Processing (EMNLP)",
month=dec,
year="2023",
url="https://aclanthology.org/2023.emnlp-main.936",
doi="10.18653/v1/2023.emnlp-main.936",
pages="15135--15153"
}

